<record><leader>00000cas a22000007a 4500</leader><controlfield tag="001">20719521</controlfield><controlfield tag="008">891201d19311932mauwr ne      0    0eng d</controlfield><datafield ind1=" " ind2=" " tag="010"><subfield code="a">sn 89062251 </subfield></datafield><datafield ind1=" " ind2=" " tag="040"><subfield code="a">MGN</subfield><subfield code="b">eng</subfield><subfield code="c">MGN</subfield><subfield code="d">OCLCQ</subfield></datafield><datafield ind1=" " ind2=" " tag="042"><subfield code="a">msc</subfield></datafield><datafield ind1="0" ind2="0" tag="245"><subfield code="a">Lexington townsman.</subfield></datafield><datafield ind1=" " ind2=" " tag="260"><subfield code="a">Lexington, Mass. :</subfield><subfield code="b">[Townsman Publishers]</subfield></datafield><datafield ind1=" " ind2=" " tag="300"><subfield code="a">v.</subfield></datafield><datafield ind1=" " ind2=" " tag="310"><subfield code="a">Weekly</subfield></datafield><datafield ind1="0" ind2=" " tag="362"><subfield code="a">Vol. 1, no. 1 (July 30, 1931)-v. 2, no. 20 (Dec. 8, 1932).</subfield></datafield><datafield ind1=" " ind2=" " tag="752"><subfield code="a">United States</subfield><subfield code="b">Massachusetts</subfield><subfield code="c">Middlesex</subfield><subfield code="d">Lexington.</subfield></datafield><datafield ind1="0" ind2="7" tag="785"><subfield code="t">Lexington times and Lexington minute-man</subfield><subfield code="w">(DLC)sn 89062249</subfield></datafield><datafield ind1="0" ind2="7" tag="785"><subfield code="t">Lexington townsman and Lexington times-minute-man</subfield><subfield code="w">(DLC)sn 89062250</subfield></datafield></record>